% !TEX root = ClassicThesis_DEIB.tex

%%%%%%%%%%%%%%%%%%%%%%%%%%%%%%%%%%%%%%%%%%%%%
@inproceedings {tfPaper,
        title = {tf: The transform library},
        booktitle = {Technologies for Practical Robot Applications (TePRA), 2013 IEEE International Conference on},
        series = {Open-Source Software workshop},
        year = {2013},
        month={April}, 
        pages={1-6}, 
        author = {Foote, Tully},
        doi={10.1109/TePRA.2013.6556373}, 
        ISSN={2325-0526}
}

@article{skidSteeringConsumption,
  title={Experimental Comparison of Skid Steering vs. Explicit Steering for Wheeled Mobile Robot,‚Äù M. Sc},
  author={Shamah, Benjamin},
  year={1999},
  publisher={Citeseer}
}

@inproceedings{skidSteeringDifficult,
  title={IMU-based localization and slip estimation for skid-steered mobile robots},
  author={Yi, Jingang and Zhang, Junjie and Song, Dezhen and Jayasuriya, Suhada},
  booktitle={Intelligent Robots and Systems, 2007. IROS 2007. IEEE/RSJ International Conference on},
  pages={2845--2850},
  year={2007},
  organization={IEEE}
}

@article{skid2diff,
  title={Analysis and experimental kinematics of a skid-steering wheeled robot based on a laser scanner sensor},
  author={Wang, Tianmiao and Wu, Yao and Liang, Jianhong and Han, Chenhao and Chen, Jiao and Zhao, Qiteng},
  journal={Sensors},
  volume={15},
  number={5},
  pages={9681--9702},
  year={2015},
  publisher={Multidisciplinary Digital Publishing Institute}
}

@article{sensorFusionDef,
  title={Sensor fusion in time-triggered systems},
  author={Elmenreich, Wilfried},
  year={2002},
  publisher={na}
}

@book{sensorFusionAdvantages,
  title={Innovations in Defence Support Systems-3: Intelligent Paradigms in Security},
  author={Remagnino, Paolo and Monekosso, Dorothy N and Jain, Lakhmi C},
  volume={336},
  year={2011},
  publisher={Springer Science \& Business Media}
}

@article{stateOfEnvironment,
  title={Probabilistic robotics},
  author={Thrun, Sebastian},
  journal={Communications of the ACM},
  volume={45},
  number={3},
  pages={52--57},
  year={2002},
  publisher={ACM}
}